<record><leader>00000cas a22000007a 4500</leader><controlfield tag="001">10766546</controlfield><controlfield tag="008">840523d18271837njuwr ne      0    0eng  </controlfield><datafield ind1=" " ind2=" " tag="010"><subfield code="a">sn 84020413 </subfield></datafield><datafield ind1=" " ind2=" " tag="040"><subfield code="a">DLC</subfield><subfield code="b">eng</subfield><subfield code="c">DLC</subfield><subfield code="d">NPX</subfield><subfield code="d">NPA</subfield><subfield code="d">NJW</subfield><subfield code="d">CNK</subfield><subfield code="d">DLC</subfield><subfield code="d">OCLCQ</subfield><subfield code="d">DLC</subfield><subfield code="d">OCLCQ</subfield><subfield code="d">OCLCF</subfield></datafield><datafield ind1="1" ind2=" " tag="029"><subfield code="a">AU@</subfield><subfield code="b">000026221775</subfield></datafield><datafield ind1=" " ind2=" " tag="042"><subfield code="a">pcc</subfield></datafield><datafield ind1=" " ind2=" " tag="043"><subfield code="a">n-us-nj</subfield></datafield><datafield ind1="0" ind2="0" tag="050"><subfield code="a">Newspaper</subfield></datafield><datafield ind1="0" ind2="0" tag="245"><subfield code="a">West Jersey observer.</subfield></datafield><datafield ind1=" " ind2=" " tag="260"><subfield code="a">Bridgeton, N.J. :</subfield><subfield code="b">R. Johnston,</subfield><subfield code="c">1827-</subfield></datafield><datafield ind1=" " ind2=" " tag="300"><subfield code="a">v. ;</subfield><subfield code="c">51-68 cm.</subfield></datafield><datafield ind1=" " ind2=" " tag="310"><subfield code="a">Weekly</subfield></datafield><datafield ind1="0" ind2=" " tag="362"><subfield code="a">New ser., vol. 3, no. 153 (Dec. 8, 1827)-</subfield></datafield><datafield ind1="1" ind2=" " tag="362"><subfield code="a">Ceased with Dec. 16, 1837 issue.</subfield></datafield><datafield ind1=" " ind2=" " tag="500"><subfield code="a">Publishers: Samuel S. Sibley, 1829-&lt;1830&gt;; F. Pierson, &lt;Jan. 4, 1834&gt;-Apr. 4, 1835; J.M. Newell, Apr. 11, 1835-&lt;Oct. 21, 1837&gt;.</subfield></datafield><datafield ind1=" " ind2=" " tag="530"><subfield code="a">Also issued in microform from the Readex Microprint Corp.</subfield></datafield><datafield ind1=" " ind2=" " tag="588"><subfield code="a">Description based on: New ser., v. 4, no. 161 (Feb. 2, 1828).</subfield></datafield><datafield ind1=" " ind2="0" tag="651"><subfield code="a">Bridgeton (N.J.)</subfield><subfield code="v">Newspapers.</subfield></datafield><datafield ind1=" " ind2="0" tag="651"><subfield code="a">Cumberland County (N.J.)</subfield><subfield code="v">Newspapers.</subfield></datafield><datafield ind1=" " ind2="7" tag="655"><subfield code="a">Newspapers.</subfield><subfield code="2">fast</subfield><subfield code="0">(OCoLC)fst01423814</subfield></datafield><datafield ind1=" " ind2="7" tag="651"><subfield code="a">New Jersey</subfield><subfield code="z">Bridgeton.</subfield><subfield code="2">fast</subfield><subfield code="0">(OCoLC)fst01222549</subfield></datafield><datafield ind1=" " ind2="7" tag="651"><subfield code="a">New Jersey</subfield><subfield code="z">Cumberland County.</subfield><subfield code="2">fast</subfield><subfield code="0">(OCoLC)fst01205848</subfield></datafield><datafield ind1=" " ind2=" " tag="752"><subfield code="a">United States</subfield><subfield code="b">New Jersey</subfield><subfield code="c">Cumberland</subfield><subfield code="d">Bridgeton.</subfield></datafield><datafield ind1="0" ind2="0" tag="780"><subfield code="t">Washington Whig &amp; Bridgeton observer, and Cumberland, Cape-May &amp; Salem advertiser</subfield><subfield code="w">(DLC)sn 84020412</subfield><subfield code="w">(OCoLC)10766485</subfield></datafield><datafield ind1="0" ind2="7" tag="785"><subfield code="t">Washington Whig (Bridgeton, N.J. : 1826)</subfield><subfield code="w">(DLC)sn 84020417</subfield><subfield code="w">(OCoLC)10768855</subfield></datafield><datafield ind1="0" ind2="7" tag="785"><subfield code="t">Bridgeton chronicle (Bridgeton, N.J. : 1837)</subfield><subfield code="w">(DLC)sn 83032075</subfield><subfield code="w">(OCoLC)10137863</subfield></datafield></record>